@techreport{AdamsKaplanLaCava2024,
  title={{The Sensitivity of Consumer Spending to a Large and Persistent Income Change: Evidence from the Australian JobSeeker Supplement}},
  author={Adams, Nicole and Kaplan, Greg and La Cava, Gianni},
  year={Forthcoming},
}

@article{AguiarHurst2005,
	title = {{Consumption versus Expenditure}},
	volume = {113},
    number = {5},
	journaltitle = {Journal of Political Economy},
	author = {Aguiar, Mark and Hurst, Erik},
	date = {2005},
        pages = {919--945}
}

@article{AguiarHurst2013,
	title = {{Deconstructing Lifecycle Expenditure}},
	volume = {121},
    number = {3},
	journaltitle = {Journal of Political Economy},
	author = {Aguiar, Mark and Hurst, Erik},
	date = {2013},
        pages = {437--492}
}


@techreport{AkyolLaCava2024,
  title={{Impact of Economic Stimulus Programs during the COVID-19 Pandemic on Financial Stress in Australia}},
  author={Akyol, Pelin and La Cava, Gianni},
  year={Forthcoming},
}

@article{Baily1978,
	title = {{Some aspects of optimal unemployment insurance}},
	volume = {10},
    number = {3},
	journaltitle = {Journal of Public Economics},
	author = {Baily, Martin},
	date = {1978},
        pages = {379--402}
}

@article{Bakeretal2022, 
    title = {{How much should we trust staggered difference-in-differences estimates?}},
	volume = {144},
    number = {2},
	journaltitle = {Journal of Financial Economics},
	author = {Baker, Andrew and Larcker, David and Wang, Charles},
	date = {2022},
        pages = {370--395}
}

@article{Banksetal1998, 
    title = {{Is There a Retirement-Savings Puzzle?}},
	volume = {88},
    number = {4},
	journaltitle = {The American Economic Review},
	author = {Banks, James and Blundell, Richard and Tanner, Sarah},
	date = {1998},
        pages = {769--788}
}


@article{Berge2018,
    title = {Efficient estimation of maximum likelihood models with
      multiple fixed-effects: the {R} package {FENmlm}},
    author = {Laurent Berg\'e},
    year = {2018},
    journal = {CREA Discussion Papers},
    number = {13},
}

@article{Bertheauetal23,
    title = {{The Unequal Consequences of Job Loss across Countries}},
    year = {2023},
    journal = {American Economic Review: Insights},
    author = {Bertheau, Antoine and Acabbi, Edoardo Maria and Barcelo, Cristina and Gulyas, Andreas and Lombardi, Stefano and Saggio, Raffaele},
    number = {3},
    volume = {5},
    pages = {393--408}
}

@article{Bloometal2022, 
    title = {{Why working from home will stick}},
	volume = {2022},
    number = {28731},
	journaltitle = {NBER Working Paper},
	author = {Barrero, Jose Maria and Bloom, Nicholas and Davis, Steven},
	date = {2022}
}

@article{Blundelletal2008,
  author    = {Richard Blundell and Luigi Pistaferri and Ian Preston},
  title     = {Consumption Inequality and Partial Insurance},
  journal   = {American Economic Review},
  year      = {2008},
  volume    = {98},
  number    = {5},
  pages     = {1887--1921},
}


@article{Borusyaketal2022, 
    title = {{Quasi-Experimental Shift-Share Research Designs}},
	volume = {89},
    number = {1},
	journaltitle = {Journal of Financial Economics},
	author = {Borusyak, Kirill and Hull, Peter and Jaravel, Xavier},
	date = {2022},
        pages = {181--213}
}

@article{CallawaySantaAnna2021,
  title={Difference-in-Differences with Multiple Time Periods},
  author={Callaway, Brantly and Sant'Anna, Pedro},
  journal={Journal of Econometrics},
  volume={225},
  number={2},
  pages={200--230},
  year={2021},
  month={December}
}

@article{Chatterjeeetal2021,
  author    = {Arpita Chatterjee and James Morley and Aarti Singh},
  title     = {Estimating Household Consumption Insurance},
  journal   = {Journal of Applied Econometrics},
  year      = {2021},
  volume    = {36},
  number    = {5},
  pages     = {628--635},
  month     = {August},
}


@article{chetty2006general,
  title={A general formula for the optimal level of social insurance},
  author={Chetty, Raj},
  journal={Journal of Public Economics},
  volume={90},
  number={10-11},
  pages={1879--1901},
  year={2006},
  publisher={Elsevier}
}

@article{Chetty2008,
  title={{Moral hazard versus liquidity and optimal unemployment insurance.}},
  author={Chetty, Raj},
  journal={Journal of Political Economy},
  volume={116},
  number={2},
  pages={173--234},
  year={2008}
}

@article{Clarkeetal2023a,
	title = {{Income Support Gaps: When JobSeekers don't seek jobs}},
	volume = {2023},
    number = {6},
	journaltitle = {e61 Research Note},
	author = {Clarke, Erin and Nolan, Matt},
	date = {2023},
}

@article{Clarkeetal2023,
	title = {{Does JobSeeker target those who need it?}},
	volume = {2023},
    number = {7},
	journaltitle = {e61 Research Note},
	author = {Clarke, Erin and Adams, Nicole and La Cava, Gianni and Nolan, Matt},
	date = {2023},
}

@article{Clement2024,
	title = {{Covid-19 is (Probably) Not an Exogenous Shock or Valid Instrument}},
	volume = {2024},
	journaltitle = {SSRN},
	author = {Clement, Jeffrey},
	date = {2024},
        month = {March}
}

@article{CoatesBallantyne2022,
	title = {No one left behind: {Why} {Australia} should lock in full employment},
	author = {Coates, Brendan and Ballantyne, Alex},
	year = {2022},
	journal = {Grattan Institute Report},
        volume = {2022},
        number = {7}
}

@article{Davis2021,
	title = {{The many ways COVID-19 affects households: consumption, time, and health outcomes}},
	volume = {19},
	journaltitle = {Review of Economics of the Household},
	author = {Davis, George},
	date = {2021},
        pages = {281--289}
}

@article{GanongNoel2019,
	title = {{Consumer Spending during Unemployment: Positive and Normative Implications}},
	volume = {109},
    number = {7},
	journaltitle = {The American Economic Review},
	author = {Ganong, Peter and Noel, Pascal},
	date = {2019},
        pages = {2383--2424}
}

@article{GanongetalForth,
	title = {{Spending and Job-Finding Impacts of Expanded Unemployment Benefits: Evidence from Administrative Micro Data}},
	journaltitle = {The American Economic Review},
	author = {Ganong, Peter and Greig, Fiona, and Noel, Pascal and Sullivan, Daniel and Vavra, Joseph},
	date = {Forthcoming}
}

@article{GoodmanBacon2021,
	title = {{Difference-in-differences with variation in treatment timing}},
	volume = {225},
    number = {2},
	journaltitle = {Journal of Econometrics},
	author = {Goodman-Bacon, Andrew},
	date = {2021},
        pages = {254--277}
}

@article{GornTrigari2023,
	title = {{Assessing the Stabilizing Effects of Unemployment Benefit Extensions}},
	volume = {2023},
    number = {694},
	journaltitle = {Universit√† Bocconi Working Papers},
	author = {Gorn, Alexey and Trigari, Antonella},
	date = {2023},
}




@article{Gruber1997,
	title = {{The Consumption Smoothing Benefits of Unemployment Insurance}},
	volume = {87},
    number = {1},
	journaltitle = {The American Economic Review},
	author = {Gruber, Jonathan},
	date = {1997},
        pages = {192--205}
}

@article{Hamilton2023,
  title={Early Pension Withdrawal as Stimulus},
  author={Hamilton, Steven and Liu, Geoffrey and Sainsbury, Tristram},
  institution={Tax and Transfer Policy Institute, Crawford School of Public Policy, ANU College of Asia and the Pacific},
  type={TTPI Working Papers},
  number={3},
  volume = {2023},
  year={2023},
  month={March},
  url={https://taxpolicy.crawford.anu.edu.au/sites/default/files/publication/taxstudies_crawford_anu_edu_au/2023-03/complete_wp_hamilton_liu_sainsbury_mar_2023.pdf}
}


@article{HoeferMartietal2023,
	title = {{The Wage Impact of Mass Layoffs: Evidence from the Global Financial Crisis}},
	volume = {2023},
    number = {17},
	journaltitle = {e61 Micro Note Series},
	author = {Hoefer Marti, Ian and Yang, Shuya and La Cava, Gianni and Nolan, Matt},
	date = {2023},
}

@article{Kaplanetal2018,
	title = {{Household Economics Inequality in Australia}},
	volume = {94},
    number = {305},
	journaltitle = {The Australian Economic Record},
	author = {Kaplan, Greg and La Cava, Gianni and Stone Tahlee},
	date = {2018},
        pages = {117--134}
}

@article{KoMoffitt2024, 
    title = {{Take-up of Social Benefits}},
	volume = {2024},
    number = {30148},
	journaltitle = {NBER Working Paper},
	author = {Ko, Wonsik and Moffitt, Robert},
	date = {2024}
}

@article{Kolsrudetal2018,
	title = {{The Optimal Timing of Unemployment Benefits: Theory and Evidence from Sweden}},
	volume = {108},
    number = {4-5},
	journaltitle = {The American Economic Review},
	author = {Kolsrud, Jonas and Landais, Camille and Nilsson, Peter and Spinnewijn, Johannes},
	date = {2018},
        pages = {985--1033}
}

@article{Krolikowski2018,
	title = {{Choosing a Control Group for Displaced Workers}},
	volume = {71},
    number = {5},
	journaltitle = {ILR Review},
	author = {Krolikowski, Pawel},
	date = {2018},
        pages = {1232--1254}
}


@article{LandaisSpinnewijn2021,
	title = {{The Value of Unemployment Insurance}},
	volume = {88},
    number = {6},
	journaltitle = {The Review of Economic Studies},
	author = {Landais, Camille and Spinnewijn, Johannes},
	date = {2021},
        pages = {3041--3085}
}

@article{MalmendierShengShen2018,
	title = {{Scarred Consumption}},
	volume = {2018},
    number = {24696},
	journaltitle = {NBER Working Paper},
	author = {Malmendier, Ulrike and Sheng Shen, Leslie},
	date = {2018}
}

@article{Michaud2023,
	title = {{Expanding Unemployment Insurance Coverage}},
	volume = {2023},
    number = {67},
	journaltitle = {Minneapolis Federal Reserve Institute Working Paper},
	author = {Michaud, Amanda},
	date = {2023}
}


@inbook{oecd2018chapter5,
  author = {{OECD}},
  title = {Unemployment Benefit Coverage: Recent Trends and their Drivers},
  booktitle = {OECD Employment Outlook 2018},
  publisher = {OECD Publishing},
  year = {2018},
  chapter = {5},
  pages = {185--210}
}

@misc{oecd2024,
  author       = "{OECD}",
  title        = "{Income Support, Redistribution, and Work Incentives}",
  year         = {2024},
  url          = {https://www.oecd.org/en/topics/income-support-redistribution-and-work-incentives.html},
  note         = {Accessed: 2024-08-08},
}

@article{PenroseLaCava2021,
	title = {{Job Loss, Subjective Expectations and Household Spending}},
	volume = {2021},
    number = {8},
	journaltitle = {Reserve Bank of Australia Reserach Discussion Papers},
	author = {Penrose, Gabrielle and La Cava, Gianni},
	date = {2021}
}

@article{sainsbury2022covid,
  title={COVID-19 Private Pension Withdrawals and Unemployment Tenures},
  author={Sainsbury, Tristram and Breunig, Robert and Watson, Timothy},
  journal={IZA Discussion Papers},
  number={15399},
  year={2022},
  organization={Institute of Labor Economics (IZA)}
}

@article{SchmiederVonWachter2016,
	title = {{The Effects of Unemployment Insurance Benefits: New Evidence and Interpretation}},
	volume = {8},
	journaltitle = {Annual Review of Economics},
	author = {Schmieder, Johannes and von Wachter, Till},
	date = {2016},
        pages = {547--581}
}



@article{SunAbraham2020,
	title = {{Estimating dynamic treatment effects in event studies with heterogeneous treatment effects}},
	volume = {225},
    number = {2},
	journaltitle = {Journal of Econometrics},
	author = {Sun, Liyang and Abraham, Sarah},
	date = {2020},
        pages = {175--199}
}

@article{TinTran2023,
  author    = {Darapheak Tin and Chung Tran},
  title     = {Lifecycle Earnings Risk and Insurance: New Evidence from Australia},
  journal   = {Australian Economic Record},
  year      = {2023},
  volume    = {99},
  number    = {325},
  pages     = {141--174},
  month     = {June}
}

